@FOOTNOTE{Note1,key="Note1",note="with a few notable exceptions like gravity"}
